@inproceedings{pearl1985bayesian,
  title={Bayesian netwcrks: A model cf self-activated memory for evidential reasoning},
  author={Pearl, Judea},
  booktitle={Proceedings of the 7th conference of the Cognitive Science Society, University of California, Irvine, CA, USA},
  pages={15--17},
  year={1985}
}
@article{heckerman1998tutorial,
  title={A tutorial on learning with Bayesian networks},
  author={Heckerman, David},
  journal={Learning in graphical models},
  pages={301--354},
  year={1998},
  publisher={Springer}
}
@inproceedings{wang2006learning,
  title={Learning Bayesian networks structure with continuous variables},
  author={Wang, Shuang-Cheng and Li, Xiao-Lin and Tang, Hai-Yan},
  booktitle={International Conference on Advanced Data Mining and Applications},
  pages={448--456},
  year={2006},
  organization={Springer}
}
@article{perrier2008finding,
  title={Finding Optimal Bayesian Network Given a Super-Structure.},
  author={Perrier, Eric and Imoto, Seiya and Miyano, Satoru},
  journal={Journal of Machine Learning Research},
  volume={9},
  number={10},
  year={2008}
}
@article{silander2012simple,
  title={A simple approach for finding the globally optimal Bayesian network structure},
  author={Silander, Tomi and Myllymaki, Petri},
  journal={arXiv preprint arXiv:1206.6875},
  year={2012}
}
@article{peters2015structural,
  title={Structural intervention distance for evaluating causal graphs},
  author={Peters, Jonas and B{\u}hlmann, Peter},
  journal={Neural computation},
  volume={27},
  number={3},
  pages={771--799},
  year={2015},
  publisher={MIT Press}
}
@article{ramsey2017million,
  title={A million variables and more: the fast greedy equivalence search algorithm for learning high-dimensional graphical causal models, with an application to functional magnetic resonance images},
  author={Ramsey, Joseph and Glymour, Madelyn and Sanchez-Romero, Ruben and Glymour, Clark},
  journal={International journal of data science and analytics},
  volume={3},
  pages={121--129},
  year={2017},
  publisher={Springer}
}
@article{suzuki2017theoretical,
  title={A theoretical analysis of the BDeu scores in Bayesian network structure learning},
  author={Suzuki, Joe},
  journal={Behaviormetrika},
  volume={44},
  pages={97--116},
  year={2017},
  publisher={Springer}
}
@article{ramsey2016improving,
  title={Improving accuracy and scalability of the PC algorithm by maximizing p-value},
  author={Ramsey Joseph, D},
  journal={arXiv preprint arXiv:1610.00378},
  year={2016}
}
@article{ramsey2017comparison,
  title={A comparison of public causal search packages on linear, gaussian data with no latent variables},
  author={Ramsey, Joseph D and Andrews, Bryan},
  journal={arXiv preprint arXiv:1709.04240},
  year={2017}
}
@article{scutari2019learning,
  title={Learning Bayesian networks from big data with greedy search: computational complexity and efficient implementation},
  author={Scutari, Marco and Vitolo, Claudia and Tucker, Allan},
  journal={Statistics and Computing},
  volume={29},
  pages={1095--1108},
  year={2019},
  publisher={Springer}
}
@article{scanagatta2019survey,
  title={A survey on Bayesian network structure learning from data},
  author={Scanagatta, Mauro and Salmer{\'o}n, Antonio and Stella, Fabio},
  journal={Progress in Artificial Intelligence},
  volume={8},
  number={4},
  pages={425--439},
  year={2019},
  publisher={Springer}
}
@article{scutari2019learns,
  title={Who learns better Bayesian network structures: Accuracy and speed of structure learning algorithms},
  author={Scutari, Marco and Graafland, Catharina Elisabeth and Guti{\'e}rrez, Jos{\'e} Manuel},
  journal={International Journal of Approximate Reasoning},
  volume={115},
  pages={235--253},
  year={2019},
  publisher={Elsevier}
}
@article{kitson2023survey,
  title={A survey of Bayesian Network structure learning},
  author={Kitson, Neville Kenneth and Constantinou, Anthony C and Guo, Zhigao and Liu, Yang and Chobtham, Kiattikun},
  journal={Artificial Intelligence Review},
  volume={56},
  number={8},
  pages={8721--8814},
  year={2023},
  publisher={Springer}
}